<record><leader>00000cas a2200000 a 4500</leader><controlfield tag="001">18596363</controlfield><controlfield tag="008">881012d19551964waudr ne      0    0eng d</controlfield><datafield ind1=" " ind2=" " tag="010"><subfield code="a">sn 88087045 </subfield></datafield><datafield ind1=" " ind2=" " tag="040"><subfield code="a">SLZ</subfield><subfield code="b">eng</subfield><subfield code="c">SLZ</subfield><subfield code="d">OCL</subfield><subfield code="d">OCLCQ</subfield><subfield code="d">OCLCF</subfield><subfield code="d">OCLCO</subfield></datafield><datafield ind1="1" ind2=" " tag="029"><subfield code="a">AU@</subfield><subfield code="b">000022176923</subfield></datafield><datafield ind1=" " ind2=" " tag="042"><subfield code="a">msc</subfield></datafield><datafield ind1=" " ind2=" " tag="043"><subfield code="a">n-us-wa</subfield></datafield><datafield ind1="0" ind2="0" tag="245"><subfield code="a">Grant County daily journal.</subfield></datafield><datafield ind1=" " ind2=" " tag="260"><subfield code="a">Ephrata, Wash. :</subfield><subfield code="b">James H. and John J. Simpson</subfield></datafield><datafield ind1=" " ind2=" " tag="300"><subfield code="a">v.</subfield></datafield><datafield ind1=" " ind2=" " tag="310"><subfield code="a">Daily</subfield></datafield><datafield ind1="0" ind2=" " tag="362"><subfield code="a">Vol. 49, no. 15 (Nov. 21, 1955)-[v. 54], no. 130 (Feb. 14, 1964).</subfield></datafield><datafield ind1=" " ind2="0" tag="651"><subfield code="a">Ephrata (Wash.)</subfield><subfield code="v">Newspapers.</subfield></datafield><datafield ind1=" " ind2="7" tag="655"><subfield code="a">Newspapers.</subfield><subfield code="2">fast</subfield><subfield code="0">(OCoLC)fst01423814</subfield></datafield><datafield ind1=" " ind2="7" tag="651"><subfield code="a">Washington (State)</subfield><subfield code="z">Ephrata.</subfield><subfield code="2">fast</subfield><subfield code="0">(OCoLC)fst01222710</subfield></datafield><datafield ind1=" " ind2=" " tag="752"><subfield code="a">United States</subfield><subfield code="b">Washington</subfield><subfield code="c">Grant</subfield><subfield code="d">Ephrata.</subfield></datafield><datafield ind1="0" ind2="0" tag="780"><subfield code="t">Grant County journal (Ephrata, Wash. : 1909)</subfield><subfield code="w">(DLC)sn 87093179</subfield></datafield><datafield ind1="0" ind2="5" tag="780"><subfield code="t">Soap Lake reporter</subfield><subfield code="w">(DLC)sn 88085888</subfield></datafield><datafield ind1="0" ind2="0" tag="785"><subfield code="t">Grant County journal (Ephrata, Wash. : 1964)</subfield><subfield code="w">(DLC)sn 88087046</subfield></datafield></record>